% These are references to conference papers:

@inproceedings{Deng09CVPR,
  title={Image{N}et: A large-scale hierarchical image database},
  author={Deng, Jia and Dong, Wei and Socher, Richard and Li, Li-Jia and Li, Kai and Fei-Fei, Li},
  booktitle=CVPR,
  year={2009},
}

@inproceedings{vaswani2017attention,
  title={Attention is all you need},
  author={Vaswani, Ashish and Shazeer, Noam and Parmar, Niki and Uszkoreit, Jakob and Jones, Llion and Gomez, Aidan N and Kaiser, {\L}ukasz and Polosukhin, Illia},
  booktitle=NIPS,
  year={2017}
}

% This is a reference to a journal paper:

@article{hochreiter1997long,
  title={Long short-term memory},
  author={Hochreiter, Sepp and Schmidhuber, J{\"u}rgen},
  journal={Neural computation},
  year={1997},
  volume={9},
  number={8},
  pages={1735--1780}
}

% This is a reference to a book:

@book{Szeliski21,
  title={Computer Vision: Algorithms and Applications},
  author={Szeliski, Richard},
  year={2021},
  publisher={Springer},
  edition={2nd}
}

% This is a reference to a paper on arXiv:

@article{Kingma14Arxiv,
  title={Adam: A method for stochastic optimization},
  author={Kingma, Diederik P and Ba, Jimmy},
  journal={arXiv:1412.6980},
  year={2014}
}

% These are references to websites:

@misc{XKCDFileExtensions,
  author={Munroe, Randall},
  title={1301: File Extensions},
  howpublished={\url{https://xkcd.com/1301/}},
  note={Accessed: 2022-02-10}
}

@misc{GhoseGaussian,
  author={Ghose, Kaushik},
  title={Gaussian 2d},
  howpublished={\url{https://de.m.wikipedia.org/wiki/Datei:Gaussian_2d.png}},
  note={Accessed: 2022-03-22}
}

@misc{Pgfplots,
  author={Feuersänger, Christian},
  title={PGFPlots Gallery},
  howpublished={\url{https://texample.net/tikz/examples/all/}},
  note={Accessed: 2023-10-27}
}

@misc{TikzExamples,
  author={Various Authors},
  title={TikZ and PGF examples},
  howpublished={\url{http://pgfplots.sourceforge.net/gallery.html}},
  note={Accessed: 2022-02-15}
}

% This is a reference to a manual:

@manual{Booktabs,
  author={Fear, Simon},
  title={Publication quality tables in LATEX},
  year={2020}
}

% These are references to newspaper articles:

@article{Dempsey11Guttenberg,
  author={Dempsey, Judy},
  year={2011},
  title={Plagiarism in Dissertation Costs German Defense Minister His Job},
  journal={The New York Times},
  note={Accessed: 2022-03-22}
}

@article{Cottrell13Schavan,
  author={Cottrell, Chris},
  year={2013},
  title={University Revokes German Official’s Doctorate},
  journal={The New York Times},
  note={Accessed: 2022-03-22}
}

@article{AP21Giffey,
  author={APnews},
  year={2021},
  title={German ex-minister, mayor contender stripped of doctorate},
  journal={AP news},
  note={Accessed: 2022-03-22}
}
